<?xml version="1.0" encoding="UTF-8"?><collection xmlns="http://www.loc.gov/MARC21/slim"><record><leader>00501nam--2200169-i-4500</leader><controlfield tag="001">000047169</controlfield><controlfield tag="002">20161230</controlfield><controlfield tag="005">20161230201046</controlfield><controlfield tag="008">060222s1000------------r-----000-0-eng-d</controlfield><datafield ind1=" " ind2=" " tag="040"><subfield code="a">IFIN-HH</subfield></datafield><datafield ind1=" " ind2=" " tag="080"><subfield code="a">542.5:535.24</subfield></datafield><datafield ind1="1" ind2=" " tag="100"><subfield code="a">Weinberg F.J</subfield></datafield><datafield ind1="1" ind2="0" tag="245"><subfield code="a">Optics of flames</subfield><subfield code="b">Including methods for the study of refractive index fields in combustion and aerodynamics</subfield><subfield code="c">F.j. weinberg</subfield></datafield><datafield ind1=" " ind2=" " tag="260"><subfield code="a">London</subfield><subfield code="b">Butterworths</subfield><subfield code="c">1963</subfield></datafield><datafield ind1=" " ind2=" " tag="300"><subfield code="a">X+251P</subfield></datafield><datafield ind1=" " ind2=" " tag="852"><subfield code="a">17183</subfield><subfield code="c">535</subfield></datafield><datafield ind1=" " ind2=" " tag="CAT"><subfield code="a">Sys</subfield><subfield code="c">20101021</subfield><subfield code="h">153710</subfield></datafield></record></collection>